% Artemis overview
@inproceedings{smith2020artemis,
  title={The Artemis program: an overview of NASA's activities to return humans to the moon},
  author={Smith, Marshall and Craig, Douglas and Herrmann, Nicole and Mahoney, Erin and Krezel, Jonathan and McIntyre, Nate and Goodliff, Kandyce},
  booktitle={2020 IEEE Aerospace Conference},
  pages={1--10},
  year={2020},
  organization={IEEE}
}

% Symbolic ai
@article{kolata1982can,
  title={How Can Computers Get Common Sense? Two of the founders of the field of artificial intelligence disagree on how to make a thinking machine},
  author={Kolata, Gina},
  journal={Science},
  volume={217},
  number={4566},
  pages={1237--1238},
  year={1982},
  publisher={American Association for the Advancement of Science}
}

% Connectionist approach
@article{smolensky1999grammar,
  title={Grammar-based connectionist approaches to language},
  author={Smolensky, Paul},
  journal={Cognitive Science},
  volume={23},
  number={4},
  pages={589--613},
  year={1999},
  publisher={Wiley Online Library}
}

% MarsData
@article{xiao2021kernel,
  title={A Kernel-Based Multi-Featured Rock Modeling and Detection Framework for a Mars Rover},
  author={Xiao, Xueming and Yao, Meibao and Liu, Haiqiang and Wang, Jiake and Zhang, Lei and Fu, Yuegang},
  journal={IEEE Transactions on Neural Networks and Learning Systems},
  year={2021},
  doi={10.1109/TNNLS.2021.3131206},
  publisher={IEEE}
}

% Mathematics paper
@article{kuang2021rock,
  title={Rock Segmentation in the Navigation Vision of the Planetary Rovers},
  author={Kuang, Boyu and Wisniewski, Mariusz and Rana, Zeeshan A and Zhao, Yifan},
  journal={Mathematics},
  volume={9},
  number={23},
  pages={3048},
  year={2021},
  publisher={MDPI}
}

% Moon base
@article{sherwood2019principles,
  title={Principles for a practical Moon base},
  author={Sherwood, Brent},
  journal={Acta Astronautica},
  volume={160},
  pages={116--124},
  year={2019},
  publisher={Elsevier}
}

% Toxic martian dust
@article{latch2008toxicity,
  title={Toxicity of lunar and martian dust simulants to alveolar macrophages isolated from human volunteers},
  author={Latch, Judith N and Hamilton Jr, Raymond F and Holian, Andrij and James, John T and Lam, Chiu-wing},
  journal={Inhalation toxicology},
  volume={20},
  number={2},
  pages={157--165},
  year={2008},
  publisher={Taylor \& Francis}
}

% Breakthrough in neural nets
@article{krizhevsky2017imagenet,
  title={Imagenet classification with deep convolutional neural networks},
  author={Krizhevsky, Alex and Sutskever, Ilya and Hinton, Geoffrey E},
  journal={Communications of the ACM},
  volume={60},
  number={6},
  pages={84--90},
  year={2017},
  publisher={AcM New York, NY, USA}
}

% ImageNet challange
@article{russakovsky2015imagenet,
  title={Imagenet large scale visual recognition challenge},
  author={Russakovsky, Olga and Deng, Jia and Su, Hao and Krause, Jonathan and Satheesh, Sanjeev and Ma, Sean and Huang, Zhiheng and Karpathy, Andrej and Khosla, Aditya and Bernstein, Michael and others},
  journal={International journal of computer vision},
  volume={115},
  number={3},
  pages={211--252},
  year={2015},
  publisher={Springer}
}

% Rock hunting with machine learning
@article{noever2021rock,
  title={Rock hunting with Martian machine vision},
  author={Noever, David and Noever, Samantha E Miller},
  journal={arXiv preprint arXiv:2104.04359},
  year={2021}
}

% Old futuristic paper about mars autonomy
@article{bajracharya2008autonomy,
  title={Autonomy for mars rovers: Past, present, and future},
  author={Bajracharya, Max and Maimone, Mark W and Helmick, Daniel},
  journal={Computer},
  volume={41},
  number={12},
  pages={44--50},
  year={2008},
  publisher={IEEE}
}

% Segmentation models
@misc{Yakubovskiy:2019,
  Author = {Pavel Iakubovskii},
  Title = {Segmentation Models},
  Year = {2019},
  Publisher = {GitHub},
  Journal = {GitHub repository},
  Howpublished = {\url{https://github.com/qubvel/segmentation_models}}
}

@article{gerdes2020efficient,
  title={Efficient autonomous navigation for planetary rovers with limited resources},
  author={Gerdes, Levin and Azkarate, Martin and S{\'a}nchez-Ib{\'a}{\~n}ez, Jos{\'e} Ricardo and Joudrier, Luc and Perez-del-Pulgar, Carlos Jes{\'u}s},
  journal={Journal of Field Robotics},
  volume={37},
  number={7},
  pages={1153--1170},
  year={2020},
  publisher={Wiley Online Library}
}

% Risk aware path planning
@inproceedings{7119022,
    author={Ono, Masahiro and Fuchs, Thoams J. and Steffy, Amanda and Maimone, Mark and Yen, Jeng},
    booktitle={2015 IEEE Aerospace Conference},
    title={Risk-aware planetary rover operation: Autonomous terrain classification and path planning},
    year={2015},  volume={},  number={},  pages={1-10},  doi={10.1109/AERO.2015.7119022}}

% Katwijk dataset
@article{hewitt2018katwijk,
  title={The Katwijk beach planetary rover dataset},
  author={Hewitt, Robert A and Boukas, Evangelos and Azkarate, Martin and Pagnamenta, Marco and Marshall, Joshua A and Gasteratos, Antonios and Visentin, Gianfranco},
  journal={The International Journal of Robotics Research},
  volume={37},
  number={1},
  pages={3--12},
  year={2018},
  publisher={SAGE Publications Sage UK: London, England}
}

% First esa ai mission
@inproceedings{vitulli2022chime,
author = {Vitulli, Raffaele and Celesti, Marco and Camarero, Roberto and Cosimo, Gianluigi and Gascon, Ferran and Longépé, Nicolas and Rovatti, Marco and Foulon, Michel and Grynagier, Adrien and Lebedeff, Dimitri and Bobichon, Yves and Nalepa, Jakub and Wijata, Agata and Przeliorz, Mateusz and Dullin, Theo and Nieke, Jens},
year = {2022},
month = {05},
pages = {},
title = {CHIME: THE FIRST AI-POWERED ESA OPERATIONAL MISSION}
}

@inproceedings{ono2015risk,
  title={Risk-aware planetary rover operation: Autonomous terrain classification and path planning},
  author={Ono, Masahiro and Fuchs, Thoams J and Steffy, Amanda and Maimone, Mark and Yen, Jeng},
  booktitle={2015 IEEE aerospace conference},
  pages={1--10},
  year={2015},
  organization={IEEE}
}

@inproceedings{wong2017adaptive,
  title={Adaptive and intelligent navigation of autonomous planetary rovers—A survey},
  author={Wong, Cuebong and Yang, Erfu and Yan, Xiu-Tian and Gu, Dongbing},
  booktitle={2017 NASA/ESA Conference on Adaptive Hardware and Systems (AHS)},
  pages={237--244},
  year={2017},
  organization={IEEE}
}

@article{gao2017review,
  title={Review on space robotics: Toward top-level science through space exploration},
  author={Gao, Yang and Chien, Steve},
  journal={Science Robotics},
  volume={2},
  number={7},
  pages={eaan5074},
  year={2017},
  publisher={American Association for the Advancement of Science}
}

@article{chien2006future,
  title={The future of AI in space},
  author={Chien, Steve and Doyle, Richard and Davies, Ashley Gerard and Jonsson, Ari and Lorenz, Ralph},
  journal={IEEE Intelligent Systems},
  volume={21},
  number={4},
  pages={64--69},
  year={2006},
  publisher={IEEE}
}

@article{minaee2021image,
  title={Image segmentation using deep learning: A survey},
  author={Minaee, Shervin and Boykov, Yuri Y and Porikli, Fatih and Plaza, Antonio J and Kehtarnavaz, Nasser and Terzopoulos, Demetri},
  journal={IEEE transactions on pattern analysis and machine intelligence},
  year={2021},
  publisher={IEEE}
}

@article{ghosh2019understanding,
  title={Understanding deep learning techniques for image segmentation},
  author={Ghosh, Swarnendu and Das, Nibaran and Das, Ishita and Maulik, Ujjwal},
  journal={ACM Computing Surveys (CSUR)},
  volume={52},
  number={4},
  pages={1--35},
  year={2019},
  publisher={ACM New York, NY, USA}
}

@inproceedings{siam2018comparative,
  title={A comparative study of real-time semantic segmentation for autonomous driving},
  author={Siam, Mennatullah and Gamal, Mostafa and Abdel-Razek, Moemen and Yogamani, Senthil and Jagersand, Martin and Zhang, Hong},
  booktitle={Proceedings of the IEEE conference on computer vision and pattern recognition workshops},
  pages={587--597},
  year={2018}
}

@article{vestias2020moving,
  title={Moving deep learning to the edge},
  author={V{\'e}stias, M{\'a}rio P and Duarte, Rui Policarpo and de Sousa, Jos{\'e} T and Neto, Hor{\'a}cio C},
  journal={Algorithms},
  volume={13},
  number={5},
  pages={125},
  year={2020},
  publisher={Multidisciplinary Digital Publishing Institute}
}
@article{merenda2020edge,
  title={Edge machine learning for ai-enabled iot devices: A review},
  author={Merenda, Massimo and Porcaro, Carlo and Iero, Demetrio},
  journal={Sensors},
  volume={20},
  number={9},
  pages={2533},
  year={2020},
  publisher={Multidisciplinary Digital Publishing Institute}
}

% machine learning for iot
@article{mahdavinejad2018machine,
  title={Machine learning for Internet of Things data analysis: A survey},
  author={Mahdavinejad, Mohammad Saeid and Rezvan, Mohammadreza and Barekatain, Mohammadamin and Adibi, Peyman and Barnaghi, Payam and Sheth, Amit P},
  journal={Digital Communications and Networks},
  volume={4},
  number={3},
  pages={161--175},
  year={2018},
  publisher={Elsevier}
}

% Threshold method for image segmentation
@article{otsu1979threshold,
  title={A threshold selection method from gray-level histograms},
  author={Otsu, Nobuyuki},
  journal={IEEE transactions on systems, man, and cybernetics},
  volume={9},
  number={1},
  pages={62--66},
  year={1979},
  publisher={IEEE}
}

% region merging for image segmentation
@article{nock2004statistical,
  title={Statistical region merging},
  author={Nock, Richard and Nielsen, Frank},
  journal={IEEE Transactions on pattern analysis and machine intelligence},
  volume={26},
  number={11},
  pages={1452--1458},
  year={2004},
  publisher={IEEE}
}

% K-means for image segmentation
@article{dhanachandra2015image,
  title={Image segmentation using K-means clustering algorithm and subtractive clustering algorithm},
  author={Dhanachandra, Nameirakpam and Manglem, Khumanthem and Chanu, Yambem Jina},
  journal={Procedia Computer Science},
  volume={54},
  pages={764--771},
  year={2015},
  publisher={Elsevier}
}

%  Active contour models for image segmentation
@article{kass1988snakes,
  title={Snakes: Active contour models},
  author={Kass, Michael and Witkin, Andrew and Terzopoulos, Demetri},
  journal={International journal of computer vision},
  volume={1},
  number={4},
  pages={321--331},
  year={1988},
  publisher={Springer}
}

% Random fields for image segmentation
@inproceedings{plath2009multi,
  title={Multi-class image segmentation using conditional random fields and global classification},
  author={Plath, Nils and Toussaint, Marc and Nakajima, Shinichi},
  booktitle={Proceedings of the 26th annual international conference on machine learning},
  pages={817--824},
  year={2009}
}

% Sparse methods for image segmentation
@article{starck2005image,
  title={Image decomposition via the combination of sparse representations and a variational approach},
  author={Starck, J-L and Elad, Michael and Donoho, David L},
  journal={IEEE transactions on image processing},
  volume={14},
  number={10},
  pages={1570--1582},
  year={2005},
  publisher={IEEE}
}

% Fully convolutional model for image segmentation
@inproceedings{long2015fully,
  title={Fully convolutional networks for semantic segmentation},
  author={Long, Jonathan and Shelhamer, Evan and Darrell, Trevor},
  booktitle={Proceedings of the IEEE conference on computer vision and pattern recognition},
  pages={3431--3440},
  year={2015}
}

% Deconvolutional network for image segmentation
@inproceedings{noh2015learning,
  title={Learning deconvolution network for semantic segmentation},
  author={Noh, Hyeonwoo and Hong, Seunghoon and Han, Bohyung},
  booktitle={Proceedings of the IEEE international conference on computer vision},
  pages={1520--1528},
  year={2015}
}
